@book {
	Aho2007,
	author={Alfred, V Aho and Monica, S Lam and Ravi, Sethi and Jeffrey, D Ullman},
	title={Compilers, Principles, Techniques \& Tools},
	edition={Second Edition},
	year={2007},
	publisher={Pearson Education}
}

@book{
	Harbison2002,
	author={Harbison III, S.P. and Steele, G.L.},
	title={C, A Reference Manual},
	edition={Fifth Edition},
	year={2002},
	publisher={Prentice-Hall}
}

@article {
	Strachey2000,
	author={Strachey, C},
	title={Fundamental concepts in programming languages.},
	year={2000},
	%journal={Higher-Order and Symbolic Computation},
	publisher={Kluwer Academic Publishers},
	volume={13},
	pages={11-49}
}

@online {
	FLEX,
	author={Vern, Paxson and Van, Jacobson and Jef, Poskanzer and Kevin, Gong and Aaron, Stone and John, Millaway and Will, Estes},
	title={The Fast Lexical Analyzer},
	url={https://github.com/westes/flex},
	urldate={2019-04-19},
}

@online {
	BISON,
	author={The Free Software Foundation},
	title={GNU Bison},
	url={https://www.gnu.org/software/bison/},
	urldate={2019-04-19},
}