@book {
	Aho2007,
	author={Alfred, V Aho and Monica, S Lam and Ravi, Sethi and Jeffrey, D Ullman},
	title={Compilers, Principles, Techniques \& Tools},
	edition={Second},
	year={2007},
	publisher={Pearson Education}
}

@article {
	Strachey2000,
	author={Strachey, C},
	title={Fundamental concepts in programming languages.},
	year={2000},
	journal={Higher-Order and Symbolic Computation},
	publisher={Kluwer Academic Publishers},
	volume={13},
	pages={11-49}
}

